@inproceedings{vasudevan2013design,
  title={Design, implementation and verification of an extensible and modular hypervisor framework},
  author={Vasudevan, Amit and Chaki, Sagar and Jia, Limin and McCune, Jonathan and Newsome, James and Datta, Anupam},
  booktitle={2013 IEEE Symposium on Security and Privacy},
  pages={430--444},
  year={2013},
  organization={IEEE}
}

@inproceedings{mccune2010trustvisor,
  title={TrustVisor: Efficient TCB reduction and attestation},
  author={McCune, Jonathan M and Li, Yanlin and Qu, Ning and Zhou, Zongwei and Datta, Anupam and Gligor, Virgil and Perrig, Adrian},
  booktitle={2010 IEEE Symposium on Security and Privacy},
  pages={143--158},
  year={2010},
  organization={IEEE}
}

@inproceedings{zhou2014dancing,
  title={Dancing with giants: Wimpy kernels for on-demand isolated i/o},
  author={Zhou, Zongwei and Yu, Miao and Gligor, Virgil D},
  booktitle={2014 IEEE symposium on security and privacy},
  pages={308--323},
  year={2014},
  organization={IEEE}
}

@inproceedings{ben2010turtles,
  title={The turtles project: Design and implementation of nested virtualization},
  author={Ben-Yehuda, Muli and Day, Michael D and Dubitzky, Zvi and Factor, Michael and Har'El, Nadav and Gordon, Abel and Liguori, Anthony and Wasserman, Orit and Yassour, Ben-Ami},
  booktitle={9th USENIX Symposium on Operating Systems Design and Implementation (OSDI 10)},
  year={2010}
}

@inproceedings{vasudevan2012lockdown,
  title={Lockdown: Towards a safe and practical architecture for security applications on commodity platforms},
  author={Vasudevan, Amit and Parno, Bryan and Qu, Ning and Gligor, Virgil D and Perrig, Adrian},
  booktitle={International Conference on Trust and Trustworthy Computing},
  pages={34--54},
  year={2012},
  organization={Springer}
}

@inproceedings{agesen2012software,
  title={Software techniques for avoiding hardware virtualization exits},
  author={Agesen, Ole and Mattson, Jim and Rugina, Radu and Sheldon, Jeffrey},
  booktitle={2012 USENIX Annual Technical Conference (USENIX ATC 12)},
  pages={373--385},
  year={2012}
}

@misc{windows_vbs,
	title = {Virtualization-based Security (VBS)},
	author = {{Microsoft}},
	month = jun,
	year = {2022},
	url = {https://learn.microsoft.com/en-us/windows-hardware/design/device-experiences/oem-vbs},
	note = "{Accessed}: Jan. 18, 2023"
}

@manual{intel_sdm,
	title = "Intel 64 and IA-32 Architectures Software Developer's Manual",
	organization = "Intel Corp.",
	address = "Santa Clara, CA",
	year = "2021",
}

@manual{intel_txt,
	title = "Intel Trusted Execution Technology (Intel TXT) Software Development Guide",
	organization = "Intel Corp.",
	address = "Santa Clara, CA",
	year = "2022"
}

@misc{intel_drop_bios,
	title = "Legacy BIOS Boot Support Removal for Intel Platforms",
	author = "{Intel}",
	url = "https://www.intel.com/content/dam/support/us/en/documents/intel-nuc/Legacy-BIOS-Boot-Support-Removal-for-Intel-Platforms.pdf",
	month = jul,
	year = "2020",
	note = "{Accessed}: Jan. 16, 2023"
}

@inproceedings{vasudevan2016uberspark,
  title={{\"u}berSpark: Enforcing Verifiable Object Abstractions for Automated Compositional Security Analysis of a Hypervisor},
  author={Vasudevan, Amit and Chaki, Sagar and Maniatis, Petros and Jia, Limin and Datta, Anupam},
  booktitle={25th USENIX Security Symposium (USENIX Security 16)},
  pages={87--104},
  year={2016}
}

@inproceedings{zhang2011cloudvisor,
  title={Cloudvisor: retrofitting protection of virtual machines in multi-tenant cloud with nested virtualization},
  author={Zhang, Fengzhe and Chen, Jin and Chen, Haibo and Zang, Binyu},
  booktitle={Proceedings of the twenty-third acm symposium on operating systems principles},
  pages={203--216},
  year={2011}
}

@inproceedings{seshadri2007secvisor,
  title={SecVisor: A tiny hypervisor to provide lifetime kernel code integrity for commodity OSes},
  author={Seshadri, Arvind and Luk, Mark and Qu, Ning and Perrig, Adrian},
  booktitle={Proceedings of twenty-first ACM SIGOPS symposium on Operating systems principles},
  pages={335--350},
  year={2007}
}

@inproceedings{yu2015trusted,
  title={Trusted display on untrusted commodity platforms},
  author={Yu, Miao and Gligor, Virgil D and Zhou, Zongwei},
  booktitle={Proceedings of the 22nd ACM SIGSAC Conference on Computer and Communications Security},
  pages={989--1003},
  year={2015}
}

@article{cui2018securing,
  title={Securing display path for security-sensitive applications on mobile devices},
  author={Cui, Jinhua and Zhang, Yuanyuan and Cai, Zhiping and Liu, Anfeng and Li, Yangyang},
  journal={Computers, Materials and Continua},
  volume={55},
  number={1},
  pages={17},
  year={2018},
  publisher={Tech Science Press}
}

@inproceedings{steinberg2010nova,
  title={NOVA: A microhypervisor-based secure virtualization architecture},
  author={Steinberg, Udo and Kauer, Bernhard},
  booktitle={Proceedings of the 5th European conference on Computer systems},
  pages={209--222},
  year={2010}
}

@inproceedings{zhou2012building,
  title={Building verifiable trusted path on commodity x86 computers},
  author={Zhou, Zongwei and Gligor, Virgil D and Newsome, James and McCune, Jonathan M},
  booktitle={2012 IEEE symposium on security and privacy},
  pages={616--630},
  year={2012},
  organization={IEEE}
}

@article{kocher2020spectre,
  title={Spectre attacks: Exploiting speculative execution},
  author={Kocher, Paul and Horn, Jann and Fogh, Anders and Genkin, Daniel and Gruss, Daniel and Haas, Werner and Hamburg, Mike and Lipp, Moritz and Mangard, Stefan and Prescher, Thomas and others},
  journal={Communications of the ACM},
  volume={63},
  number={7},
  pages={93--101},
  year={2020},
  publisher={ACM New York, NY, USA}
}

@article{lipp2018meltdown,
  title={Meltdown},
  author={Lipp, Moritz and Schwarz, Michael and Gruss, Daniel and Prescher, Thomas and Haas, Werner and Mangard, Stefan and Kocher, Paul and Genkin, Daniel and Yarom, Yuval and Hamburg, Mike},
  journal={arXiv preprint arXiv:1801.01207},
  year={2018}
}

@book{yosifovich2017windows,
  title={Windows Internals, Part 1: System architecture, processes, threads, memory management, and more},
  author={Yosifovich, Pavel and Solomon, David A and Ionescu, Alex},
  year={2017},
  publisher={Microsoft Press}
}

@inproceedings{kivity2007kvm,
  title={kvm: the Linux virtual machine monitor},
  author={Kivity, Avi and Kamay, Yaniv and Laor, Dor and Lublin, Uri and Liguori, Anthony},
  booktitle={Proceedings of the Linux symposium},
  volume={1},
  number={8},
  pages={225--230},
  year={2007},
  organization={Ottawa, Ontario, Canada}
}

@misc{intel_vmcs_shadowing,
	title = "4th Generation Intel Core vPro Processors with Intel VMCS Shadowing",
	author = "{Intel}",
	url = "https://www.intel.com/content/dam/www/public/us/en/documents/white-papers/intel-vmcs-shadowing-paper.pdf",
	year = "2013",
	note = "{Accessed}: Feb. 14, 2023"
}

@misc{kopytov2020sysbench,
	author = {Kopytov, Alexey and others},
	title = {{sysbench (1.0.20)}},
	year = {2020},
	url = {https://github.com/akopytov/sysbench},
	note = "{Accessed}: Apr. 4, 2023"
}

@misc{norcott2003iozone,
  title={IOzone Filesystem Benchmark},
  author={Norcott, William D.},
  url={http://www.iozone.org/},
  year={2003},
  note = "{Accessed}: Apr. 4, 2023"
}

@misc{wheeler2001sloccount,
	title={{SLOCCount (2.26)}},
	author={Wheeler, David A},
	year={2001},
	url = {https://dwheeler.com/sloccount/},
	note = "{Accessed}: Apr. 4, 2023"
}

@misc{jenkins_ci,
	title = {{Jenkins}},
	author = {{Jenkins}},
	url = {https://www.jenkins.io/},
	year = {2023},
	note = "{Accessed}: Apr. 4, 2023"
}

@misc{circle_ci,
	title = {{CircleCI}},
	author = {{CircleCI}},
	url = {https://circleci.com/},
	year = {2023},
	note = "{Accessed}: Apr. 4, 2023"
}

@misc{acpi_spec,
	title = {ACPI Specification 6.5},
	author = {{Unified Extensible Firmware Interface Forum}},
	url = {https://uefi.org/specs/ACPI/6.5/},
	year = {2022},
	note = "{Accessed}: Apr. 4, 2023"
}

@misc{bareflank,
	title = {Bareflank},
	author = {{Assured Information Security}},
	url = {https://github.com/Bareflank/hypervisor},
	year = {2021},
	note = "{Accessed}: Apr. 4, 2023"
}

@incollection{linux_nmi_watchdog,
  title = {Checking the NMI Watchdogs},
  booktitle={Understanding the Linux Kernel},
  author={Bovet, Daniel P and Cesati, Marco},
  year={2005},
  publisher={O'Reilly Media},
  edition = {3},
  address = {Sebastopol, CA, USA},
  chapter = "6.4.4",
  type = "sec.",
}

@misc{fog_calling_convention,
	title = {Calling conventions for different C++ compilers and operating systems},
	author = {Fog, Agner},
	url = {https://www.agner.org/optimize/calling_conventions.pdf},
	year = {2022},
	note = "{Accessed}: Apr. 4, 2023"
}

